@InProceedings{kajita2001,
Title = {{The 3D Linear Inverted Pendulum Mode: A simple modeling for a biped walking pattern generation}},
Author = {Shuuji Kajita and Fumio Kanehiro and Kenji Kaneko and Kazuhito Yokoi and Hirohisa Hirukawa},
Booktitle = {Proc. Int. Conf. Intelligent Robots and Systems},
Year = {2001},
Address = {Maui, EUA},
Pages = {239 -- 246}
}

@book{craig1986,
  added-at = {2008-03-02T02:12:02.000+0100},
  address = {Reading, Mass.},
  author = {Craig, 1955},
  biburl = {https://www.bibsonomy.org/bibtex/2f6d1c373babc6e2ad8d75feaf23cafe6/dmartins},
  description = {robotica-bib},
  interhash = {e267beb3ccfd8c8b5c3ff655883ce6ef},
  intrahash = {f6d1c373babc6e2ad8d75feaf23cafe6},
  isbn = {0201103265},
  keywords = {629.892 CRAI},
  note = {Includes bibliographies and index.},
  publisher = {Addison-Wesley Pub. Co.},
  timestamp = {2008-03-02T02:12:37.000+0100},
  title = {Introduction to robotics : mechanics \& control / John J. Craig.},
  year = 1986
}

@book{siciliano2008,
author = {Siciliano, Bruno and Sciavicco, Lorenzo and Villani, Luigi and Oriolo, Giuseppe},
title = {Robotics: Modelling, Planning and Control},
year = {2008},
isbn = {1846286417},
publisher = {Springer Publishing Company, Incorporated},
edition = {1st},
}

@INPROCEEDINGS{1389727,
  author={N. {Koenig} and A. {Howard}},
  booktitle={2004 IEEE/RSJ International Conference on Intelligent Robots and Systems (IROS) (IEEE Cat. No.04CH37566)}, 
  title={Design and use paradigms for Gazebo, an open-source multi-robot simulator}, 
  year={2004},
  volume={3},
  number={},
  pages={2149-2154 vol.3},
  doi={10.1109/IROS.2004.1389727},
}

@Article{vukobratovic2004,
Title = {{Zero-Moment Point -- Thirty Five Years of Its Life}},
Author = {Miomir Vukobratovi\'{c} and Branislav Borovac},
Journal = {Int. J. Humanoid Robots},
Year = {2004},
Number = {1},
Pages = {157 -- 173},
Volume = {1}
}

@article{nasareport,
author = {Chen, J.},
year = {1989},
month = {01},
title = {The effects of gear reduction on robot dynamics},
volume = {4},
journal = {JPL, California Inst. of Tech., Proceedings of the NASA Conference on Space Telerobotics},
doi = {19900020545},
}

@MastersThesis{tesemarcos,
Title = {{Automatic walking step duration through model predictive control}},
Author = {Marcos Maximo},
School = {Instituto Tecnol\'{o}gico de Aeron\'{a}utica},
Year = {2017},
Type = {Tese de Doutorado}
}

@article{siciliano,
author = {Sciavicco, Lorenzo and Siciliano, Bruno and Luigi, Villani},
year = {1995},
month = {01},
pages = {317-334},
title = {Lagrange and Newton-Euler dynamic modeling of a gear-driven robot manipulator with inclusion of motor inertia effects},
volume = {10},
journal = {Advanced Robotics},
doi = {10.1163/156855395X00427},
}

@article{lagarias1998,
author = {Lagarias, J.C. and Reeds, M. H. and Wright, P.E.},
title={Convergence Properties of the Nelder-Mead Simplex Method in Low Dimensions},
journal = {SIAM Journal of Optimization},
volume = {4},
number = {1},
year = {1998},
pages = {112-147},
}

@Book{NoceWrig06,
  Title                    = {Numerical Optimization},
  Author                   = {Jorge Nocedal and Stephen J. Wright},
  Publisher                = {Springer},
  Year                     = {2006},

  Address                  = {New York, NY, USA},
  Edition                  = {second},
}

@InProceedings{max27,
  Title                    = {{Modeling of a position servo used in robotics applications}},
  
  Author                   = {M. R. O. A. Maximo and C. H. C. Ribeiro and R. J. M. Afonso},
  Booktitle                = {Simp\'{o}sio Brasileiro de Automa\c{c}\~{a}o Inteligente },
  Year                     = {2017},
  Address                  = {Porto Alegre, Brasil},
 }

@book{ogata2010,
author = {Katsuhiko Ogata},
title = {Modern Control Engineering},
year = {2010},
isbn = {0-13-615673-8},
publisher = {Prentice Hall},
edition = {5th},
}

@book{franklin2013,
author = {Gene F. Franklin and J. David Powell and Abbas Emami-Naeini},
title = {Sistemas de Controle para Engenharia},
year = {2013},
isbn = {978-85-8260-067-2},
publisher = {Bookman},
edition = {6th},
}