@InProceedings{silva2019,
  Title                    = {{Height Varying Humanoid Robot Walking through Model Predictive Control}},
  Author                   = {Caroline Cristine Duarte da Silva and Marcos R. O. A. Maximo and Luiz C. S. G\'{o}es},
  Booktitle                = {Latin American Robotics Symposium},
  Year                     = {2019},

  Address                  = {Rio Grande, Brazil},
  
}

@inproceedings{herdt2013,
  
  author = {Herdt, Andrei and Perrin, Nicolas and Wieber, Pierre Brice},
 
  booktitle = {Humanoids},
  crossref = {conf/humanoids/2012},
 
  
  pages = {390-395},
  publisher = {IEEE},
  
  title = {LMPC based online generation of more efficient walking motions.},
 
  year = 2012
}

@article{herdt2010,
author = { Andrei   Herdt  and  Holger   Diedam  and  Pierre Brice   Wieber  and  Dimitar   Dimitrov  and  Katja   Mombaur  and  Moritz   Diehl },
title = {Online Walking Motion Generation with Automatic Footstep Placement},
journal = {Advanced Robotics},
volume = {24},
number = {5-6},
pages = {719-737},
year  = {2010},
publisher = {Taylor & Francis},



}

@article{yi2016,
author = {Seung Joon Yi and Stephen McGill and Dennis Hong and Daniel Lee},
title ={Hierarchical Motion Control for a Team of Humanoid Soccer Robots},
journal = {International Journal of Advanced Robotic Systems},
volume = {13},
number = {1},
pages = {32},
year = {2016},



    
}






@INPROCEEDINGS{kajita2003, 
author={S. Kajita and F. Kanehiro and K. Kaneko and K. Fujiwara and K. Harada and K. Yokoi and H. Hirukawa}, 
booktitle={ International Conference on Robotics and Automation }, 
title={Biped walking pattern generation by using preview control of zero-moment point}, 
year={2003}, 
volume={2}, 

pages={1620-1626 }, 
}

@article{adamczyk2006,
author  = "P. G. Adamczyk and S. H. Collins and A. D. Kuo",
    title   = "The advantages of a rolling foot in human walking",
    year    = "2006",
    journal = "The Journal of Experimental Biology",
    volume  = "209",
   
    pages   = "3953--3963"
}

@article{adamczyk2013,
author  = "Peter G. Adamczyk and Arthur D. Kuo",
    title   = "Mechanical and energetic consequences of rolling foot shape in human walking",
    year    = "2013",
    journal = "The Journal of Experimental Biology",
    volume  = "216",
 
    pages   = "2722--2731"
}

@InProceedings{hertz2016,
  Title                    = {{Design of a Variable Compliant Humanoid Foot with a New Toe Mechanism}},
  Author                   = {Wooseok Choi and Gustavo A. Medrano-Cerda and Darwin G. Caldwell and Nikos G. Tsagarakis},
  Booktitle                = {Proc. Int. Conf. Robotics and Automation},
  Year                     = {2016},

  Address                  = {Estocolmo, Su\'{e}cia,},
  Pages                    = {642 -- 647}
}

@InProceedings{sola2016,
  Title                    = {{Humanoid walking with compliant soles using a deformation estimator}},
  Author                   = {Giovanni De Magistris and Adrien Pajon and Sylvain Miossec and Abderrahmane Kheddar},
  Booktitle                = {Proc. Int. Conf. Robotics and Automation},
  Year                     = {2016},

  Address                  = {Estocolmo, Su\'{e}cia,},
  Pages                    = {1757 -- 1762}
}





@InProceedings{protese2017,
  Title                    = {{Design and dynamic modelling of an ankle-foot prosthesis for humanoid robot}},
  Author                   = {Joana Alves and Eurico Seabra and César Ferreira and Cristina P.Santos and Luís Paulo Reis},
  Booktitle                = {Proc. Int. Conf.  Autonomous Robot Systems and Competitions},
  Year                     = {2017},

  Address                  = {Coimbra, Portugal,},
  Pages                    = {128 -- 133}
}

@InProceedings{curvo20017,
  Title                    = {{Development of a Humanoid Robot Foot with Distributive Force Sensors}},
  Author                   = {Jessica E. Leu and Yu-Hsuan Chen and Shao-Tseng Liu and Wen-Pin Shih},
  Booktitle                = {Proc. Int. Conf.  Control, Automation and Robotics},
  Year                     = {2017},

  Address                  = {Nagoya, Japão,},
  Pages                    = {134 -- 137}
}

@InProceedings{movi2016,
  Title                    = {{Heel and Toe Lifting Walk Controller for Resource Constrained Humanoid Robots}},
  Author                   = {Seung-Joon  and Daniel D. Lee},
  Booktitle                = {Proc. Int. Conf.  Intelligent Robots and Systems},
  Year                     = {2016},

  Address                  = {Daejeon, Cor\'{e}ia,},
  Pages                    = {5452 -- 5458}
}

@InProceedings{jonhie2006,
  Title                    = {{Dynamics Simulation for a Biped Robot: Modeling and Experimental Verification}},
  Author                   = {Thomas Buschmann and Sebastian Lohmeier and Heinz Ulbrich and Friedrich Pfeiffer},
  Booktitle                = {Proc. Int. Conf.   Robotics and Automation},
  Year                     = {2006},

  Address                  = {Orlando, EUA,},
  Pages                    = {2673 -- 2678}
}

@InProceedings{conem2018,
  Title                    = {{Modelo para representar o comportamento de um pol\'{i}mero de car\'{a}ter n\~{a}o linear}},
  Author                   = {Caroline Cristine Duarte da Silva and Luiz Heleno Moreira Duque and Jayme Pereira de Gouv\^{e}a},
  Booktitle                = {Congresso Nacional de Engenharia Mec\^{a}nica},
  Year                     = {2018},

  Address                  = {Salvador, Brasil,},
  
}


@InProceedings{carol2017,
  Title                    = {{Proposta para avalia\c{c}\~{a}o da rigidez n\~{a}o linear em pr\'{o}tese ortop\'{e}dica de material polim\'{e}rico,caracterizado em laborat\'{o}rio e por modelo de corpos m\'{u}ltiplos}},
  Author                   = {Caroline Cristine Duarte da Silva and Daniele de Avila and Luiz Heleno Moreira Duque and Jayme Pereira de Gouv\^{e}a},
  Booktitle                = {Safety, Health and Environment World Congress},
  Year                     = {2017},

  Address                  = {Vila Real, Portugal,},
  Pages                    = {153 -- 158}
}


@InProceedings{cinemetria2017,
  Title                    = {{An\'{a}lise cinem\'{a}tica do membro superior humano
durante a marcha atrav\'{e}s do modelo multicorpos}},
  Author                   = {Ana Carolina Motta Maffra and Caroline Cristine Duarte da Silva and Bernardo Tomas Jose Dias de Sousa and Daniele de Avila and Guilherme Ribeiro Baumgardt and Renata Souza Nascimento and Thaisa Roxo Rebelo and Luiz Heleno Moreira Duque and Jayme Pereira de Gouv\^{e}a},
  Booktitle                = {Safety, Health and Environment World Congress},
  Year                     = {2017},

  Address                  = {Vila Real, Portugal,},
  Pages                    = {177 -- 181}
}



@Article{vukobratovic2004,
Title = {{Zero-Moment Point -- Thirty Five Years of Its Life}},
Author = {Miomir Vukobratovi\'{c} and Branislav Borovac},
Journal = {Int. J. Humanoid Robots},
Year = {2004},
Number = {1},
Pages = {157 -- 173},
Volume = {1}
}

@InProceedings{yoshiike2009,
Title = {{Real Time Motion Generation and Control for Biped Robot -1st Report: Walking Gait Pattern Generation}},
Author = {Toru Takenaka and Takashi Matsumoto and Takahide Yoshiike},
Booktitle = {Proc. Int. Conf. Intelligent Robots and Systems},
Year = {2009},
Address = {St. Louis, EUA},
Pages = {1084 -- 1091}
}


@Article{tedrake2005,
Title = {{Efficient bipedal robots based on passive-dynamic walkers}},
Author = {Steven H. Collins and Andy Ruina and Russ Tedrake and Martijn Wisse},
Journal = {Science},
Year = {2005},
Number = {5712},
Pages = {1082 -- 1085},
Volume = {307}
}


@InProceedings{kajita2001,
Title = {{The 3D Linear Inverted Pendulum Mode: A simple modeling for a biped walking pattern generation}},
Author = {Shuuji Kajita and Fumio Kanehiro and Kenji Kaneko and Kazuhito Yokoi and Hirohisa Hirukawa},
Booktitle = {Proc. Int. Conf. Intelligent Robots and Systems},
Year = {2001},
Address = {Maui, EUA},
Pages = {239 -- 246}
}







@InProceedings{max22,
  Title                    = {{Reference zmp manipulation for energetic and computationally efficient walking using zmp preview control}},
  Author                   = {M. R. O. A. Maximo and C. H. C. Ribeiro and R. J. M. Afonso},
  Booktitle                = {Simp\'{o}sio Brasileiro de Automa\c{c}\~{a}o Inteligente },
  Year                     = {2017},

  Address                  = {Porto Alegre, Brasil,},
 }




@article{max28,
author  = "M. R. Maximo and E. L. Colombini and C. H. Ribeiro",
    title   = "Stable and fast model-free walk with arms movement for humanoid robots",
    year    = "2017",
    journal = "International Journal of Advanced Robotic Systems",
    volume  = "14",
   number="3",
    pages   = "1--10"
}


@MastersThesis{tesemarcos,
Title = {{Automatic walking step duration through model predictive control}},
Author = {Marcos Maximo},
School = {Instituto Tecnol\'{o}gico de Aeron\'{a}utica},
Year = {2017},
Type = {Tese de Doutorado}
}

@article{max30,
author  = "A. Herdt ande H. Diedam and P.-B. Wieber, D. Dimitrov and K. Mombaur and M. Diehl",
    title   = "Online walking motion generation with automatic foot step placement",
    year    = "2010",
    journal = "Advanced Robotics",
    volume  = "24",
   number="5--6",
   
}



@MastersThesis{flavia2014,
Title = {{ Determina\c{c}\~{a}o do centro de massa corporal e das for\c{c}as de rea\c{c}\~{a}o do solo durante a marcha humana atrav\'{e}s das equa\c{c}\~{a}\~{o}es de equil\'{i}brio}},
Author = {Fl\'{a}via Valente Pereira},
School = {Escola de Engenharia Industrial Metal\'{u}gica de Volta Redonda },
Year = {2014},
Type = {Disserta\c{c}\~{a}o de Mestrado}
}

@MastersThesis{dlt2011,
Title = {{ Gera\c{c}\~{a}o de MDT usando um triplet de imagem de alos e transforma\c{c}\~{a}o linear direta (DLT) }},
Author = {Graziella Valen\c{c}a de Souza},
School = {Universidade Federal do Paran\'{a} },
Year = {2011},
Type = {Disserta\c{c}\~{a}o de Mestrado}
}


@MastersThesis{ana2017,
Title = {{ Desenvolvimento de uma pr\'{o}tese transtibial: proposta para a a parte inferior funcional}},
Author = {Ana Carolina Maffra},
School = {Escola de Engenharia Industrial Metal\'{u}gica de Volta Redonda },
Year = {2017},
Type = {Disserta\c{c}\~{a}o de Mestrado}
}


@MastersThesis{luciana2017,
Title = {{ An\'{a}lise do impacto durante a marcha para o desenvolvimento de uma pr\'{o}tese para amputados unilateral de membro inferior }},
Author = {Luciana Moreira Lessa},
School = {Escola de Engenharia Industrial Metal\'{u}gica de Volta Redonda },
Year = {2017},
Type = {Disserta\c{c}\~{a}o de Mestrado}
}

@MastersThesis{carol2018,
Title = {{ Simula\c{c}\~{a}o din\^{a}mica de um p\'{e} prot\'{e}tico considerando rolamento e deforma\c{c}\~{a}o de contato }},
Author = {Caroline Cristine Duarte da Silva},
School = {Escola de Engenharia Industrial Metal\'{u}gica de Volta Redonda },
Year = {2018},
Type = {Disserta\c{c}\~{a}o de Mestrado}
}


@InProceedings{bianchi2017,
  Title                    = {{Using Reinforcement Learning to Optimize Gait generation Parameters of a Humanoid Robot}},
  Author                   = { ISAAC J. Silva and Danilo H. Perico and Anna H. R. Costa and R.A.C Bianchi},
  Booktitle                = {Simp\'{o}sio Brasileiro de Automa\c{c}\~{a}o Inteligente},
  Year                     = {2017},

  Address                  = {Porto Alegre, Brasil,},
  
}


@InProceedings{max25,
  Title                    = {{Mixed integer programming for automatic walking step duration}},
  
  Author                   = {M. R. O. A. Maximo and C. H. C. Ribeiro and R. J.M. Afonso},
  Booktitle                = {Proc. Int. Conf.  Intelligent Robots and Systems},
  Year                     = {2016},

  Address                  = {Daejeon, Cor\'{e}ia,},
  Pages                    = {5399--5404}
}





@InProceedings{max27,
  Title                    = {{Modeling of a position servo used in robotics applications}},
  
  Author                   = {M. R. O. A. Maximo and C. H. C. Ribeiro and R. J. M. Afonso},
  Booktitle                = {Simp\'{o}sio Brasileiro de Automa\c{c}\~{a}o Inteligente },
  Year                     = {2017},
  Address                  = {Porto Alegre, Brasil,},
 }





@InProceedings{bianchi2017,
  Title                    = {{Using Reinforcement Learning to Optimize Gait Generation Parameters of a Humanoid Robot}},  
  
  Author                   = {I. J. Silva and D. H. Perico and A. H. R. Costay and R. A. C. Bianchi},
  Booktitle                = {Simp\'{o}sio Brasileiro de Automa\c{c}\~{a}o Inteligente },
  Year                     = {2017},
  Address                  = {Porto Alegre, Brasil,},
 }
 
 
 @InProceedings{terra2006,
  Title                    = {{Nonlinear H(infinite) Control Applied to Biped Robots}},
  
  Author                   = {A. A. G. Siqueira and M. H. Terra},
  Booktitle                = {Proc. Int. Conf. on Control Applications },
  Year                     = {2006},
  Address                  = {Munique, Alemanha,},
 }
 
 
 
 @article{fornero2009,
author  = "Juan C. Morenoa and Fernando Brunettia and Enrique Navarrob and Arturo Forner-Cordero and Jos\'{e} L. Ponsa",
    title   = "Analysis of the human interaction with a wearable lower-limb exoskeleton",
    year    = "2009",
    journal = "Applied Bionics and Biomechanics",
    volume  = "6",
   number="2",
    Pages                    = {245--256}
}

@MastersThesis{ident2014,
Title = {{Control and Identification of
Bipedal Humanoid Robots: Stability Analysis and Experiments}},
Author = {Pieter van Zutven},
School = {Eindhoven University of Technology},
Year = {2014},
Type = {Tese de Doutorado}
}

@MastersThesis{ident2017,
Title = {{Parameter Identification and Modeling of Contact Properties}},
Author = {Juan Carlos Arevalo Reggeti
},
School = {Escuela T\'{e}cnica Superior de Ingenieros Industriales},
Year = {2017},
Type = {Tese de Doutorado}
}

@MastersThesis{massachu,
Title = {{Applied Optimal Control for
Dynamically Stable Legged Locomotion}},
Author = {Russell L. Tedrake
},
School = {Massachusetts Institute of Technology},
Year = {2004},
Type = {Tese de Doutorado}
}



 @InProceedings{gripp,
  Title                    = {{ Modeling and Identification of a Two Link Flexible Manipulator}},
  
  Author                   = {J. A. B. Gripp and F. L. M. Santos and C. R. Bernardo and L. C. S. G\'{o}es},
  Booktitle                = {Brazilian Congress of Mechanical Engineering },
  Year                     = {2011},
  Address                  = {Natal, Brasil,},
 }


